@book{par,
	author = {Ananth Grama and Anshul Gupta and George Karypis and Vipin Kumar},
	title = {Introduction to Parallel Computing},
	isbn = {9780201648652},
	edition = {2}
}
